@book{Huizinga1938,
  author    = {Johan Huizinga},
  title     = {Homo Ludens: Proeve eener bepaling van het spel-element der cultuur},
  publisher = {Tjeenk Willink},
  year      = {1938}
}

@book{gee2003what,
  author    = {James Paul Gee},
  title     = {What Video Games Have to Teach Us About Learning and Literacy},
  year      = {2003},
  publisher = {Palgrave Macmillan},
  address   = {New York}
}
